@online{DnDHistory,
	author = {Jon Peterson},
	title = {Fourty Years of Adventure},
	year = 2017,
	url = {http://dnd.wizards.com/dungeons-and-dragons
	/what-dd/history/history-forty-years-adventure}
}

@book{DnDOriginal,
	title = {Dungeons and dragons},
	author = {Gygax, Gary and Arneson, Dave},
	volume = {19},
	year = {1974},
	publisher = {Tactical Studies Rules Lake Geneva, WI}
}

@book{DnDPeople,	
	author = {Ewalt, David M},
	year = {2014},
	title = {Of dice and men: The story of Dungeons \& Dragons and the people who play it},
	pages = {12-14},
	publisher= {Simon and Schuster}
}

@article{DungeonMaster,
	author = {Holmes, John Eric},
	year = {1980},
	title = {Confessions of a dungeon master},
	journal = {Psychology Today},
	volume = {14},
	number = {6},
	pages = {84-94}
}

@online{DesignDocExample,
	author = {Rex McElrath},
	title = {XML Legal Document Utility 
	Software Design Document},
	year = 2007,
	url = {http://robotics.ee.uwa.edu.au/courses/
	design/examples/example_design.pdf}
}

@article{AgileSolo,
	title = {Agile solo-defining and evaluating an agile software development process for a single software developer},
	author = {Nystr{\"o}m, Anna},
	year= {2011},
	publisher= {Chalmers University of Technology}
}

@online{SoloXP,
	title = {Extreme Programming for One},
	author = {ExtremeProgrammingChallenge, Various},
	year = 2006,
	url = {http://xp.c2.com/ExtremeProgrammingForOne.html}
}

@book{GUIDesign,
	title = {The essential guide to user interface design: an introduction to GUI design principles and techniques},
	author = {Galitz, Wilbert O},
	year = 2007,
	publisher = {John Wiley \& Sons}
}

@book{MonsterManual,
	title = {Monster Manual},
	author = {Christopher Perkins},
	year = 2014,
	publisher = {Wizards of the Coast}
}

@book {Volos,
	title = {Volo`s Guide to Monsters},
	author = {Mike Mearls},
	year = 2016,
	publisher = {Wizards of the Coast}

}